@misc{issue42265,
	howpublished={\url{http://code.google.com/p/android/issues/detail?id=42265}}
}

@InProceedings{weakkeys12,
	author = {Nadia Heninger and Zakir Durumeric and Eric Wustrow and J. Alex Halderman},
	title = {Mining Your {P}s and {Q}s: {D}etection of Widespread Weak Keys in Network Devices},
	booktitle = {Proceedings of the 21st {USENIX} Security Symposium},
	month = aug,
	year = 2012
}
@inproceedings{Gutterman06,
	author = {Gutterman, Zvi and Pinkas, Benny and Reinman, Tzachy},
	title = {Analysis of the Linux Random Number Generator},
	booktitle = {Proceedings of the 2006 IEEE Symposium on Security and Privacy},
	series = {SP '06},
	year = {2006},
	isbn = {0-7695-2574-1},
	pages = {371--385},
	numpages = {15},
	url = {http://dx.doi.org/10.1109/SP.2006.5},
	doi = {10.1109/SP.2006.5},
	acmid = {1130388},
	publisher = {IEEE Computer Society},
	address = {Washington, DC, USA},
} 

@inproceedings{Shacham04,
	author = {Shacham, Hovav and Page, Matthew and Pfaff, Ben and Goh, Eu-Jin and Modadugu, Nagendra and Boneh, Dan},
	title = {On the effectiveness of address-space randomization},
	booktitle = {Proceedings of the 11th ACM conference on Computer and communications security},
	series = {CCS '04},
	year = {2004},
	isbn = {1-58113-961-6},
	location = {Washington DC, USA},
	pages = {298--307},
	numpages = {10},
	url = {http://doi.acm.org/10.1145/1030083.1030124},
	doi = {10.1145/1030083.1030124},
	acmid = {1030124},
	publisher = {ACM},
	address = {New York, NY, USA},
	keywords = {address-space randomization, automated attacks, diversity},
} 

@INPROCEEDINGS{Cowan98,
	author = {Crispin Cowan and Calton Pu and Dave Maier and Heather Hinton and Jonathan Walpole and Peat Bakke and Steve Beattie and Aaron Grier and Perry Wagle and Qian Zhang},
	title = {StackGuard: Automatic adaptive detection and prevention of buffer-overflow attacks},
	booktitle = {In Proceedings of the 7th USENIX Security Symposium},
	year = {1998},
	pages = {63--78}
}
@misc{commit43,
	howpublished={\url{https://github.com/torvalds/linux/commit/4369c64c79a22b98d3b7eff9d089196cd878a10a}},
	title = {Linux Kernel 3.7 Commit 4369c64c: Input: Send events one packet at a time}
}

@misc{zygotejava,
	title = {Android Open Source Program Git Repository File History: Zygote.java},
	howpublished={\url{https://android.googlesource.com/platform/libcore/+log/master/dalvik/src/main/java/dalvik/system/Zygote.java}}
}
@misc{jnioverflow,
	howpublished={\url{https://github.com/brills/jni_overflow1}}
}
